<?xml version="1.0" encoding="UTF-8"?><collection xmlns="http://www.loc.gov/MARC21/slim"><record><leader>00724nam--2200205-i-4500</leader><controlfield tag="001">000034457</controlfield><controlfield tag="002">20161230</controlfield><controlfield tag="005">20161230201040</controlfield><controlfield tag="008">060222s1000------------r-----000-0-eng-d</controlfield><datafield ind1=" " ind2=" " tag="020"><subfield code="a">354017561X</subfield></datafield><datafield ind1=" " ind2=" " tag="040"><subfield code="a">IFIN-HH</subfield></datafield><datafield ind1=" " ind2=" " tag="080"><subfield code="a">538.94(061.3)</subfield></datafield><datafield ind1="1" ind2=" " tag="100"><subfield code="a">Bishop,A.R./S.A.</subfield></datafield><datafield ind1="1" ind2="0" tag="245"><subfield code="a">Nonlinearity in condensed matter</subfield><subfield code="b">Proceedings of the sixth annual conference, center for nonlinear studies, los alamos, new mexico, 5-9 may, 1986</subfield><subfield code="c">A.r. bishop, d.k. campbell, p. kumar, s.e. trullinger (eds.)</subfield></datafield><datafield ind1=" " ind2=" " tag="260"><subfield code="a">Berlin</subfield><subfield code="b">Springer-verlag</subfield><subfield code="c">1987</subfield></datafield><datafield ind1=" " ind2=" " tag="300"><subfield code="a">X+399P</subfield></datafield><datafield ind1=" " ind2=" " tag="490"><subfield code="a">Springer Series In Solid-state Sciences</subfield><subfield code="v">Vol. 69</subfield></datafield><datafield ind1="1" ind2=" " tag="700"><subfield code="a">Trullinger, S.E</subfield><subfield code="e">Ed</subfield></datafield><datafield ind1=" " ind2=" " tag="852"><subfield code="a">46526</subfield><subfield code="c">539.2</subfield></datafield><datafield ind1=" " ind2=" " tag="CAT"><subfield code="a">Sys</subfield><subfield code="c">20121029</subfield><subfield code="h">173119</subfield></datafield></record></collection>